<record><leader>00000cas a22000007a 4500</leader><controlfield tag="001">2258183</controlfield><controlfield tag="008">760620c19049999pauwr ne      0    0eng d</controlfield><datafield ind1=" " ind2=" " tag="010"><subfield code="a">sn 85054930 </subfield></datafield><datafield ind1=" " ind2=" " tag="040"><subfield code="a">PIT</subfield><subfield code="b">eng</subfield><subfield code="c">PIT</subfield><subfield code="d">NPH</subfield><subfield code="d">OCLCQ</subfield></datafield><datafield ind1=" " ind2=" " tag="042"><subfield code="a">msc</subfield></datafield><datafield ind1="0" ind2="4" tag="245"><subfield code="a">The Barnesboro star.</subfield></datafield><datafield ind1=" " ind2=" " tag="260"><subfield code="a">Barnesboro, Pa. :</subfield><subfield code="b">Star Pub. Co.</subfield></datafield><datafield ind1=" " ind2=" " tag="300"><subfield code="a">v. :</subfield><subfield code="b">ill. ;</subfield><subfield code="c">55 cm.</subfield></datafield><datafield ind1=" " ind2=" " tag="310"><subfield code="a">Weekly</subfield></datafield><datafield ind1="1" ind2=" " tag="362"><subfield code="a">Began July 1, 1904.</subfield><subfield code="z">Cf. Gregory, W. Amer. newspapers.</subfield></datafield><datafield ind1=" " ind2=" " tag="500"><subfield code="a">Publisher: Star Printing Co., &lt;1925&gt;.</subfield></datafield><datafield ind1=" " ind2=" " tag="500"><subfield code="a">Issued every Friday.</subfield></datafield><datafield ind1=" " ind2=" " tag="500"><subfield code="a">Editor: John C. Miller, &lt;1905&gt;.</subfield></datafield><datafield ind1=" " ind2=" " tag="580"><subfield code="a">Continues: Sentinel (Barnesboro, Pa.) (non-extant). Sept. 16, 1915 issue.</subfield></datafield><datafield ind1=" " ind2=" " tag="588"><subfield code="a">Description based on: Vol. 2, no. 1 (June 23, 1905).</subfield></datafield><datafield ind1=" " ind2=" " tag="752"><subfield code="a">United States</subfield><subfield code="b">Pennsylvania</subfield><subfield code="c">Cambria</subfield><subfield code="d">Barnesboro.</subfield></datafield><datafield ind1="1" ind2="0" tag="780"><subfield code="t">Sentinel (Barnesboro, Pa)</subfield></datafield><datafield ind1="1" ind2=" " tag="029"><subfield code="a">AU@</subfield><subfield code="b">000025802440</subfield></datafield></record>